<?xml version="1.0" encoding="UTF-8"?><record xmlns="http://www.loc.gov/MARC21/slim" xmlns:cinclude="http://apache.org/cocoon/include/1.0" xmlns:zs="http://www.loc.gov/zing/srw/">
  <leader>00601cz  a2200145n  4500</leader>
  <controlfield tag="001">no 98086930 </controlfield>
  <controlfield tag="003">DLC</controlfield>
  <controlfield tag="005">19980602052048.8</controlfield>
  <controlfield tag="008">980521n| acannaab|          |a aaa     c</controlfield>
  <datafield tag="010" ind1=" " ind2=" ">
    <subfield code="a">no 98086930 </subfield>
  </datafield>
  <datafield tag="035" ind1=" " ind2=" ">
    <subfield code="a">(OCoLC)oca04735007 </subfield>
  </datafield>
  <datafield tag="040" ind1=" " ind2=" ">
    <subfield code="a">MdU</subfield>
    <subfield code="c">MdU</subfield>
  </datafield>
  <datafield tag="100" ind1="1" ind2="0">
    <subfield code="a">Jones, Norris M.</subfield>
    <subfield code="q">(Norris Marshall)</subfield>
  </datafield>
  <datafield tag="670" ind1=" " ind2=" ">
    <subfield code="a">An answer to the second pamphlet lately published by Mr. George Thomas, 1836:</subfield>
    <subfield code="b">t.p. (Rev. Norris M. Jones)</subfield>
  </datafield>
  <datafield tag="670" ind1=" " ind2=" ">
    <subfield code="a">Kanely. Directory of ministers and the Maryland churches they served, 1634-1990, 1991</subfield>
    <subfield code="b">(Jones, Norris Marshall (Prot. Epis.); All Faith's, St. Mary's Co., 1830-1839 ... )</subfield>
  </datafield>
</record>